<record><leader>02125nam a2200445 i 4500</leader><controlfield tag="001">6786177</controlfield><controlfield tag="003">FlBoTFG</controlfield><controlfield tag="005">20150115163112.0</controlfield><controlfield tag="006">m|||||o||d||||||||</controlfield><controlfield tag="007">cr||||</controlfield><controlfield tag="008">150115t20152015fluad   ob    001 0 eng d</controlfield><datafield ind1=" " ind2=" " tag="020"><subfield code="a">9781439852279 (e-book : PDF)</subfield></datafield><datafield ind1=" " ind2=" " tag="035"><subfield code="a">ocn900602589</subfield></datafield><datafield ind1=" " ind2=" " tag="039"><subfield code="a">exclude</subfield></datafield><datafield ind1=" " ind2=" " tag="040"><subfield code="a">FlBoTFG</subfield><subfield code="b">eng</subfield><subfield code="e">rda</subfield><subfield code="c">FlBoTFG</subfield><subfield code="d">AEU</subfield></datafield><datafield ind1=" " ind2="4" tag="050"><subfield code="a">TN871</subfield><subfield code="b">.P43 2015</subfield></datafield><datafield ind1=" " ind2=" " tag="090"><subfield code="a">Internet Access</subfield><subfield code="b">AEU</subfield></datafield><datafield ind1="1" ind2=" " tag="100"><subfield code="a">Pedersen, K. S.</subfield><subfield code="q">(Karen Schou),</subfield><subfield code="e">author.</subfield></datafield><datafield ind1="1" ind2="0" tag="245"><subfield code="a">Phase behavior of petroleum reservoir fluids /</subfield><subfield code="c">Karen Schou Pedersen, Peter L. Christensen, Jawad Azeem Shaikh.</subfield></datafield><datafield ind1=" " ind2=" " tag="250"><subfield code="a">2nd edition.</subfield></datafield><datafield ind1=" " ind2="1" tag="264"><subfield code="a">Boca Raton, FL :</subfield><subfield code="b">CRC Press :</subfield><subfield code="b">Taylor &amp; Francis Group,</subfield><subfield code="c">2015.</subfield></datafield><datafield ind1=" " ind2="4" tag="264"><subfield code="c">&#169;2015</subfield></datafield><datafield ind1=" " ind2=" " tag="300"><subfield code="a">1 online resource.</subfield></datafield><datafield ind1=" " ind2=" " tag="336"><subfield code="a">text</subfield><subfield code="2">rdacontent</subfield></datafield><datafield ind1=" " ind2=" " tag="337"><subfield code="a">computer</subfield><subfield code="2">rdamedia</subfield></datafield><datafield ind1=" " ind2=" " tag="338"><subfield code="a">online resource</subfield><subfield code="2">rdacarrier</subfield></datafield><datafield ind1=" " ind2=" " tag="504"><subfield code="a">Includes bibliographical references and index.</subfield></datafield><datafield ind1="0" ind2=" " tag="505"><subfield code="a">Petroleum reservoir fluids -- Sampling, quality control, and compositional analyses -- PVT experiments -- Equations of state -- C[subscript 7+] characterization -- Flash and phase envelope calculations -- PVT simulation -- Physical properties -- Regression to experimental PVT data -- Transport properties -- Wax formation -- Asphaltenes -- Gas hydrates -- Compositional variations with depth -- Minimum miscibility pressure -- Formation water and hydrate inhibitors -- Scale precipitation.</subfield></datafield><datafield ind1=" " ind2=" " tag="506"><subfield code="a">Access restricted to authorized users and institutions.</subfield></datafield><datafield ind1=" " ind2=" " tag="596"><subfield code="a">44</subfield></datafield><datafield ind1=" " ind2="0" tag="650"><subfield code="a">Petroleum</subfield><subfield code="x">Geology</subfield><subfield code="x">Mathematical models.</subfield></datafield><datafield ind1=" " ind2="0" tag="650"><subfield code="a">Phase rule and equilibrium.</subfield></datafield><datafield ind1=" " ind2="0" tag="650"><subfield code="a">Thermodynamic equilibrium.</subfield></datafield><datafield ind1=" " ind2="0" tag="650"><subfield code="a">Heavy oil.</subfield></datafield><datafield ind1=" " ind2="0" tag="650"><subfield code="a">Hydrocarbons.</subfield></datafield><datafield ind1="1" ind2=" " tag="700"><subfield code="a">Christensen, Peter L.</subfield><subfield code="q">(Peter Lindskou),</subfield><subfield code="e">contributor.</subfield></datafield><datafield ind1="1" ind2=" " tag="700"><subfield code="a">Shaikh, Jawad Azeem,</subfield><subfield code="e">contributor.</subfield></datafield><datafield ind1="4" ind2="0" tag="856"><subfield code="3">University of Alberta Access</subfield><subfield code="u">http://marc.crcnetbase.com/isbn/9781439852279</subfield><subfield code="z">(Unlimited Concurrent Users)</subfield></datafield><datafield ind1=" " ind2=" " tag="949"><subfield code="h">UAIN</subfield><subfield code="z">CRC</subfield></datafield><datafield ind1=" " ind2=" " tag="926"><subfield code="a">Internet Access</subfield><subfield code="w">LC</subfield><subfield code="c">1</subfield><subfield code="i">6786177-1001</subfield><subfield code="l">INTERNET</subfield><subfield code="m">UAINTERNET</subfield><subfield code="r">Y</subfield><subfield code="s">Y</subfield><subfield code="t">E-RESOURCE</subfield><subfield code="u">1/20/2015</subfield><subfield code="x">E-BOOK</subfield><subfield code="z">CRC</subfield></datafield></record>